1987 3117
111 116 171 160 74·

110 220 271 245 Vl'hencver
280 219 328 245 the
337 220 433 246 winter
443 219 516 245 mins
525 227 593 245 eon-

114 257 168 282 nnc
182 257 231 282 the
244 256 439 282 husbandman
454 261 481 282 at
498 258 592 286 horne,

113 300 199 326 mnny
208 292 303 324 things
313 301 376 326 may
385 294 497 318 bodom-
505 298 531 318 at
543 294 591 318 lei-

111 337 186 361 sure,
210 329 302 354 which
315 330 486 360 afterwards,
509 331 588 355 when

114 369 164 393 the
186 368 308 392 weather
330 367 353 392 is
367 367 429 398 fuir,
449 367 539 392 would
558 369 592 393 be

113 403 188 429 done
211 403 239 429 in
263 412 279 429 n
305 405 399 437 hur-ry.
440 406 519 431 'rhen
545 406 591 429 the

625 371 840 414 Maturare
864 373 995 414 datur.

614 105 665 149 P.
698 103 969 151 VIRGILII
1001 102 1305 150 MARONIS

622 219 811 276 Frigidus
834 219 1056 276 agricolam
1078 218 1279 275 siquando
1300 217 1485 261 continet
1505 218 1654 271 imber,

623 295 779 349 Multa,
798 298 932 338 forent
948 311 1037 352 quae
1053 311 1151 337 mox
1166 295 1268 338 caelo
1281 296 1544 351 properanda
1556 311 1721 349 sereno,
1743 297 1832 340 266

1061 371 1228 413 Durum
1250 370 1441 426 procudit
1460 379 1596 414 arator

114 442 288 475 ⁹¹⁰¹¹⁸¹¹¹¹¹³¹¹
311 444 445 475 ⁸¹¹⁸“¹'⁰¹¹⁸
459 445 507 468 ¹¹¹⁰
526 443 594 468 'md
626 447 817 491 Vomeris
838 447 976 490 obtusi
998 448 1164 491 dentem
1184 464 1194 490 :
1227 455 1343 491 cavat
1363 448 1510 490 arbore
1530 447 1669 491 lintres
1687 463 1698 495 :

115 480 195 514 point
207 480 294 506 osthe
304 481 383 506 blunt
394 483 484 514 share,
495 489 594 514 seoops

115 518 230 551 troughs
242 521 291 543 out
304 517 336 543 os
347 522 417 545 treus
429 527 435 543 :

877 822 1083 862 NOTES.

118 967 268 1006 proper
305 952 397 992 time
435 951 502 990 sor
545 952 667 1003 doing
710 953 837 992 which
877 954 943 991 de.

118 1012 240 1060 pends
271 1022 382 1060 upon
402 1021 425 1047 a
444 1009 683 1060 knowledge
709 1011 755 1048 os
777 1011 841 1047 the
861 1021 944 1047 sea-

116 1078 226 1104 sons.

170 1123 267 1160 259.
292 1116 491 1169 Frigidus
511 1116 680 1170 imbeta]
740 1118 829 1158 The
844 1119 946 1158 Poet

115 1176 210 1214 does
244 1178 317 1212 not
355 1186 455 1211 seem
494 1179 537 1213 to
575 1187 686 1213 mean
723 1175 808 1212 that
838 1177 945 1213 these

115 1232 255 1268 works
273 1242 340 1267 are
358 1233 401 1267 to
418 1231 466 1267 be
481 1231 600 1279 done,
624 1231 737 1268 when
751 1243 828 1281 any
850 1232 943 1268 sud-

114 1287 188 1325 den
220 1286 376 1324 shower
397 1285 600 1335 happens;
634 1287 707 1323 but
736 1287 848 1322 when
879 1287 944 1323 tho

113 1343 257 1379 winter
291 1352 430 1378 season
470 1353 598 1378 comes
630 1354 699 1391 on,
735 1341 862 1378 which
897 1342 944 1378 hc

112 1397 190 1434 had
224 1396 362 1433 before
383 1397 589 1444 expressed
620 1398 674 1447 by
697 1399 850 1434 brumae
880 1399 943 1435 in-

113 1452 342 1491 tractabilis·
363 1453 544 1489 imbrem.

166 1511 262 1546 ⁶261.
295 1503 552 1556 Moturum]
614 1504 655 1543 It
680 1507 711 1543 is
743 1507 836 1548 hezo
869 1520 945 1557 op-

113 1564 235 1613 posed
254 1566 294 1599 to
312 1574 565 1613 properare:
596 1567 803 1600 maturare
824 1563 944 1613 signi-

113 1618 180 1655 fies
203 1623 245 1655 to
261 1618 312 1654 do
334 1629 357 1654 a
376 1618 489 1667 thing
503 1621 544 1654 at
559 1618 717 1667 leisure,
750 1618 789 1654 in
808 1630 829 1654 a
847 1631 943 1667 pro-

114 1685 185 1722 per
200 1685 338 1711 season
355 1686 365 1710 :
389 1673 701 1725 butproperare
716 1672 883 1722 signifies
901 1678 943 1712 to

112 1729 165 1766 do
182 1729 262 1766 itin
280 1741 301 1765 a
317 1728 458 1778 hurry.
519 1728 805 1777 Virgil'sscnse
818 1728 945 1766 thero·

112 1783 203 1822 sore
223 1785 261 1820 in
281 1783 357 1821 this
381 1784 490 1832 place
519 1783 566 1833 is,
602 1784 687 1821 that
709 1784 773 1821 the
800 1783 945 1821 sarmer

113 1839 182 1877 has
215 1840 306 1876 time
332 1842 374 1876 to
402 1850 570 1887 prepare
604 1839 710 1877 these
739 1839 869 1889 things
903 1840 944 1877 in

113 1896 256 1932 winter·
275 1907 286 1941 3
317 1895 391 1931 but
410 1894 496 1931 that
512 1894 545 1931 if
560 1894 607 1931 he
627 1895 770 1932 should
789 1896 945 1943 neglect

114 1950 190 1988 this
212 1949 482 2001 opportunity
498 1949 558 1986 till
574 1950 639 1987 the
659 1962 797 1987 season
819 1950 865 1987 of
880 1951 944 1988 the

113 2017 209 2055 year
240 2006 333 2042 calls
365 2004 442 2041 him
481 2009 555 2042 out
587 2009 631 2042 to
666 2006 783 2042 work
803 2006 842 2042 in
878 2006 943 2043 the

113 2060 219 2110 field,
250 2061 299 2097 he
319 2060 400 2097 will
432 2061 524 2098 theu
557 2061 604 2098 be
638 2072 682 2098 so
707 2062 824 2112 busy,
858 2061 944 2098 that

112 2115 162 2154 he
183 2120 329 2154 cannot
348 2115 445 2153 have
462 2117 553 2153 time
574 2121 616 2154 to
637 2117 688 2154 do
709 2116 813 2153 them
833 2128 874 2153 as
896 2117 944 2154 he

113 2171 254 2220 ought.
314 2170 446 2208 Aulus
467 2168 625 2209 Gellius
653 2172 834 2209 observes
858 2172 945 2210 that

88 2228 92 2236 ¹
113 2227 152 2263 in
174 2227 233 2264 his
249 2227 340 2264 time
361 2227 426 2264 the
442 2226 704 2277 signification
726 2227 773 2265 os
785 2232 943 2266 mature

113 2294 193 2318 was
207 2283 416 2333 corrupti-v
428 2283 520 2319 used
532 2281 595 2321 sor
606 2282 779 2333 hactilgs:
803 2282 834 2304 ⁶⁶
848 2282 941 2321 Ma-

114 2335 148 2359 ⁶⁶
171 2343 262 2376 ture
276 2350 381 2375 nunc
397 2337 589 2387 significat
599 2346 780 2391 propere
796 2343 835 2376 et
845 2342 938 2390 cito,

115 2390 148 2414 ⁶⁶
171 2397 309 2431 contra
361 2393 483 2442 ipsius
538 2394 649 2432 verbi
692 2395 938 2433 sententiam.

115 2446 149 2469 ⁶⁶
173 2447 296 2499 Aliud
315 2449 416 2485 enim
436 2453 495 2487 est
514 2455 672 2488 mature
695 2462 810 2498 quam
833 2451 942 2498 quod

115 2502 147 2525 ‘⁶
170 2503 519 2555 dieiturpropere.
561 2503 783 2554 Propterea
798 2503 844 2542 P.
861 2504 941 2543 Ni-

115 2556 149 2580 ‘⁶
171 2558 297 2607 gidius
328 2559 448 2597 homo
470 2561 508 2597 in
537 2561 714 2598 omnium
745 2561 943 2600 bonarum

114 2612 147 2636 ‘⁶
169 2614 314 2650 artium
353 2614 567 2664 disciplinis
609 2616 804 2666 egregius,
845 2614 940 2654 Ma-

115 2667 148 2691 ⁶⁶
169 2673 278 2716 lure,
300 2667 444 2717 inquit²
477 2676 536 2707 est
556 2672 661 2721 quod
679 2684 802 2722 neque
824 2673 942 2709 citius

115 2722 147 2746 ⁶⁶
170 2729 228 2762 est
247 2726 531 2773 nequererz'us:
555 2727 625 2764 secl
639 2727 809 2765 medium
827 2727 942 2778 quid÷

116 2777 148 2801 ‘⁶
171 2780 260 2817 clam
275 2784 313 2816 et
323 2783 586 2829 temperatum
599 2788 670 2820 est.
706 2782 814 2820 Bene
826 2788 946 2831 atque

115 2833 148 2857 ‘⁶
174 2834 340 2884 proprie
355 2833 554 2884 Nigidius.
588 2836 693 2875 Nam
707 2842 745 2876 et
761 2838 802 2875 in
819 2839 945 2889 frugi-

113 2888 146 2924 ἔ(
170 2891 242 2930 bus
276 2894 315 2928 et
346 2890 386 2928 in
417 2891 544 2940 pomis
570 2898 731 2933 matura
759 2894 947 2941 dicuntur

1004 952 1037 976 ‘⁶
1059 967 1145 1004 quae
1166 966 1292 1003 neque
1326 955 1446 993 cruda
1466 958 1504 993 et
1529 952 1692 993 immitia
1720 958 1829 1003 sunt,

1006 1008 1038 1032 ⁶⁶
1061 1023 1187 1060 neque
1204 1011 1351 1048 caduca
1370 1015 1410 1048 et
1428 1011 1607 1060 decocta,
1640 1012 1706 1050 sed
1732 1016 1832 1048 tem-

1005 1065 1037 1088 ⁶⁶
1063 1079 1160 1115 pore
1175 1078 1248 1104 suo
1264 1066 1398 1103 adulta
1410 1071 1655 1114 maturaque.
1714 1064 1832 1110 Quo-

1004 1118 1036 1143 ‘⁶
1060 1123 1162 1159 niam
1183 1127 1311 1158 autem
1345 1122 1397 1170 id,
1430 1122 1536 1170 quod
1559 1134 1640 1159 non
1661 1121 1833 1171 segniter

1004 1174 1035 1199 ⁶⁶
1061 1176 1193 1226 fiebat,
1217 1182 1372 1214 mature
1390 1176 1471 1214 fieri
1490 1177 1710 1225 dicebatur,
1735 1188 1832 1225 pro-

1005 1230 1036 1254 ‘⁶
1060 1245 1190 1281 gressa
1222 1233 1432 1280 plurimum
1455 1233 1563 1270 verbi
1598 1231 1833 1282 significatio

1005 1286 1037 1309 ‘⁶
1060 1293 1133 1337 est,
1166 1291 1205 1324 et
1225 1299 1303 1324 non
1324 1287 1403 1336 jam
1426 1287 1534 1335 quod
1553 1299 1634 1324 non
1657 1287 1830 1337 segnius,

1004 1339 1036 1364 ‘⁶
1059 1344 1123 1380 scd
1145 1342 1252 1391 quod
1274 1342 1495 1379 festinatius
1513 1342 1569 1387 fit,
1589 1342 1627 1380 id
1645 1340 1728 1379 lieri
1746 1354 1833 1381 ma.

1004 1395 1036 1420 ‘⁶
1059 1403 1150 1435 ture
1167 1397 1329 1447 dicitur,
1352 1397 1511 1446 quando
1527 1409 1587 1445 ea,
1620 1410 1706 1446 quae
1729 1410 1833 1447 prae..

1004 1450 1036 1476 ‘⁶
1060 1458 1118 1490 ter
1138 1453 1197 1490 sui
1218 1453 1406 1502 temporis
1437 1453 1597 1490 modum
1619 1458 1835 1502 properata.

1003 1506 1036 1530 ‘⁶
1062 1512 1171 1556 sunt,
1214 1510 1432 1546 immatura
1470 1509 1598 1545 verius
1632 1508 1830 1547 dicantur.

1003 1562 1035 1585 ⁶⁶
1061 1562 1168 1601 Illud
1202 1576 1296 1600 vero
1336 1561 1593 1613 Nigidianum
1626 1563 1680 1600 rei
1713 1567 1834 1612 atque

1004 1617 1166 1656 “verbi
1206 1622 1556 1667 temperamentum
1593 1618 1706 1656 divus
1739 1618 1833 1656 Au.

1006 1671 1038 1695 ⁶⁶
1060 1679 1198 1723 gustus
1226 1674 1383 1711 duobus
1410 1671 1564 1711 Graecis
1595 1674 1724 1713 verbis
1752 1674 1831 1712 ele-

1006 1727 1036 1750 “
1059 1728 1284 1778 gantissime
1321 1730 1579 1778 exprimebat.
1645 1727 1834 1778 Namque

1006 1782 1036 1806 ‘⁶
1060 1790 1100 1822 et
1127 1786 1255 1822 dicere
1275 1784 1315 1821 in
1335 1784 1583 1822 sermonibus
1603 1788 1642 1822 et
1662 1785 1834 1824 scribere

1006 1839 1036 1862 ‘⁶
1060 1840 1100 1877 in
1116 1839 1294 1890 epistolis
1307 1840 1467 1878 solitum
1477 1852 1559 1877 esse
1571 1839 1699 1890 aiunt,
1710 1838 1832 1877 cem-2381

1006 1894 1037 1916 ⁶⁶
1060 1893 1217 1944 β’ξαδέως.
1279 1893 1357 1932 Per
1383 1896 1490 1944 quod
1511 1896 1698 1933 monebat
1718 1898 1763 1931 ut
1783 1894 1833 1932 ad

1005 1949 1037 1972 ‘⁶
1064 1962 1142 1986 rem
1173 1951 1359 2000 agendam
1382 1951 1501 1988 simul
1525 1951 1778 1988 adhiberetur
1792 1953 1833 1987 et

1005 2004 1037 2029 ‘⁶
1060 2005 1260 2044 industriae
1301 2007 1477 2044 celeritas
1527 2010 1567 2044 et
1619 2005 1832 2057 diligentia

1005 2060 1036 2083 ‘⁶
1060 2061 1239 2112 tarditas,
1275 2073 1323 2099 ex
1336 2062 1478 2110 quibus
1495 2062 1652 2100 duobus
1668 2064 1830 2101 contra-

1002 2118 1033 2140 ‘⁴
1059 2116 1123 2153 riis
1137 2115 1180 2153 fit
1195 2120 1424 2155 matut-ilas.
1449 2116 1643 2168 Virgilius
1655 2128 1831 2167 quoque,

1005 2171 1036 2194 ⁶‘
1060 2172 1179 2220 siquis
1211 2173 1383 2210 animum
1417 2173 1610 2222 attendat,
1643 2173 1725 2211 duo
1756 2173 1832 2211 ista

1003 2228 1034 2251 ‘⁶
1057 2229 1178 2264 verba
1191 2241 1424 2281 properare
1444 2233 1484 2266 et
1513 2233 1723 2267 maturare
1740 2232 1831 2266 tan-

1002 2282 1035 2306 “
1057 2295 1173 2331 quam
1195 2285 1312 2333 plane.
1332 2284 1531 2322 contraria
1550 2284 1751 2321 scitissime
1770 2295 1830 2321 se-

1002 2339 1035 2362 ‘4
1060 2339 1265 2387 paravitin
1282 2340 1386 2377 hisce
1401 2341 1599 2377 versibus:
1629 2336 1831 2389 Frigidus

1003 2394 1035 2417 ‘⁶
1058 2393 1296 2444 agricolam,
1332 2397 1402 2443 &a
1437 2394 1721 2444 elegantissime
1756 2394 1832 2433 ista

1003 2449 1036 2472 ‘⁶
1059 2449 1138 2486 due
1153 2450 1272 2487 verba
1288 2450 1431 2487 divisit.
1472 2449 1658 2498 Namque
1670 2449 1710 2486 in
1727 2461 1830 2499 prae-

1002 2504 1034 2528 ‘⁴
1058 2509 1200 2552 paratu
1231 2505 1286 2542 rei
1307 2506 1464 2543 rusticae
1491 2517 1562 2555 per
1582 2510 1832 2555 tempestates

1002 2558 1035 2582 ⁶⁶
1059 2559 1228 2610 pluvias,
1251 2561 1438 2609 quoniam
1459 2561 1585 2600 otium
1603 2564 1679 2610 est,
1700 2565 1830 2598 matu-

1003 2614 1035 2638 ⁶⁶
1059 2615 1136 2651 rari
1158 2619 1317 2664 potest:
1353 2628 1422 2666 per
1442 2627 1615 2664 serenas,
1643 2616 1830 2665 quoniam

1004 2669 1036 2694 ί(
1056 2673 1210 2719 tempus
1229 2671 1367 2722 instat,
1400 2672 1609 2723 properari
1628 2683 1831 2710 necessum

1002 2724 1035 2749 ‘⁶
1056 2729 1160 2762 est.''

1053 2784 1149 2821 262.
1185 2779 1311 2822 cavat
1331 2784 1479 2822 arbore
1495 2779 1679 2823 lintrem
1715 2780 1831 2820 Most

1001 2835 1050 2874 os
1080 2837 1145 2874 the
1183 2843 1490 2877 commcntators
1527 2839 1647 2878 think
1683 2837 1830 2875 lintres

1001 2903 1133 2932 means
1168 2894 1282 2933 boats
1320 2895 1362 2933 in
1401 2894 1476 2933 this
1515 2895 1653 2946 place3
1671 2892 1829 2970 “which

1699 2972 1702 2975 -
1727 2958 1830 2987 were
